<collection xmlns="http://www.loc.gov/MARC21/slim">
<record>
  <leader>00787nam0a22001931i 450 </leader>
  <controlfield tag="001">IT\ICCU\CNCE\040284</controlfield>
  <controlfield tag="005">20040329000000.0</controlfield>
  <datafield tag="100" ind1=" " ind2=" ">
    <subfield code="a">19981103d1550        0itac0103    ba</subfield>
  </datafield>
  <datafield tag="101" ind1=" " ind2=" ">
    <subfield code="a">ITA</subfield>
  </datafield>
  <datafield tag="102" ind1=" " ind2=" ">
    <subfield code="a">IT</subfield>
  </datafield>
  <datafield tag="200" ind1="1" ind2=" ">
    <subfield code="a">Dell&apos; origine, regole, indulgenze e privileggi delli fratelli e sorelle della Penitenza di s. Domenico con molte altre aggiunte</subfield>
  </datafield>
  <datafield tag="210" ind1=" " ind2=" ">
    <subfield code="a">Palermo</subfield>
    <subfield code="c">presso Pietro Spira ed Antonio Anay</subfield>
    <subfield code="d">1550</subfield>
  </datafield>
  <datafield tag="215" ind1=" " ind2=" ">
    <subfield code="a">8ʻ</subfield>
  </datafield>
  <datafield tag="620" ind1=" " ind2=" ">
    <subfield code="a">IT</subfield>
    <subfield code="d">Palermo</subfield>
  </datafield>
  <datafield tag="700" ind1=" " ind2="0">
    <subfield code="a">Federico</subfield>
    <subfield code="c"> : da#Agrigento</subfield>
    <subfield code="3">IT\ICCU\CNCA\011087</subfield>
  </datafield>
  <datafield tag="712" ind1="0" ind2="0">
    <subfield code="a">Spira, Petruccio &amp; Anay, Antonio</subfield>
    <subfield code="3">IT\ICCU\CNCT\002693</subfield>
    <subfield code="4">650</subfield>
  </datafield>
  <datafield tag="790" ind1=" " ind2="0">
    <subfield code="a">Fridericus</subfield>
    <subfield code="c"> : Agrigentinus</subfield>
    <subfield code="3">IT\ICCU\CNCA\017037</subfield>
    <subfield code="z">Federico : da#Agrigento</subfield>
  </datafield>
  <datafield tag="790" ind1=" " ind2="0">
    <subfield code="a">Federico</subfield>
    <subfield code="c"> : da#Girgenti</subfield>
    <subfield code="3">IT\ICCU\CNCA\018918</subfield>
    <subfield code="z">Federico : da#Agrigento</subfield>
  </datafield>
  <datafield tag="801" ind1=" " ind2="3">
    <subfield code="a">IT</subfield>
    <subfield code="b">ICCU</subfield>
    <subfield code="c">20201114</subfield>
  </datafield>
</record>
</collection>
